<?xml version="1.0" encoding="UTF-8"?>
<record xmlns="http://www.loc.gov/MARC21/slim">
   <leader>01021cam a22002771  4500</leader>
   <controlfield tag="001">2844465</controlfield>
   <controlfield tag="003">NjP</controlfield>
   <controlfield tag="005">20171020174922.0</controlfield>
   <controlfield tag="008">930305s1969    iq            000 0 ara  </controlfield>
   <datafield tag="024" ind1="7" ind2=" ">
      <subfield code="a">princeton_aco003979</subfield>
      <subfield code="2">local</subfield>
   </datafield>
   <datafield ind1=" " ind2=" " tag="010">
      <subfield code="a">   73960316 /NE</subfield>
   </datafield>
   <datafield ind1=" " ind2=" " tag="035">
      <subfield code="a">(CStRLIN)MAHGAOL57006-B</subfield>
   </datafield>
   <datafield ind1=" " ind2=" " tag="035">
      <subfield code="a">(MH)MHAOL57006HU</subfield>
   </datafield>
   <datafield ind1=" " ind2=" " tag="035">
      <subfield code="a">(CStRLIN)MAHX93B287</subfield>
   </datafield>
   <datafield ind1=" " ind2=" " tag="035">
      <subfield code="9">CNS8931TS</subfield>
   </datafield>
   <datafield ind1=" " ind2=" " tag="040">
      <subfield code="a">DLC</subfield>
      <subfield code="c">MH-L</subfield>
      <subfield code="d">MH-L</subfield>
      <subfield code="d">CStRLIN</subfield>
      <subfield code="d">NjP</subfield>
   </datafield>
   <datafield ind1=" " ind2=" " tag="043">
      <subfield code="a">a-iq---</subfield>
   </datafield>
   <datafield ind1="1" ind2=" " tag="110">
      <subfield code="a">Iraq.</subfield>
      <subfield code="0">http://id.loc.gov/authorities/names/n79077342</subfield>
   </datafield>
   <datafield ind1="1" ind2="3" tag="245">
      <subfield code="a">al-Aḥwāl al-shakhṣīyah wa-idārat amwāl al-qāṣirīn /</subfield>
      <subfield code="c">Ashrafa ʻalá ṭabʻihi Kāmil al-Sāmarrāʾī.</subfield>
   </datafield>
   <datafield ind1=" " ind2=" " tag="260">
      <subfield code="a">Baghdād :</subfield>
      <subfield code="b">al-Maktabah al-Ahlīyah,</subfield>
      <subfield code="c">1969.</subfield>
   </datafield>
   <datafield ind1=" " ind2=" " tag="300">
      <subfield code="a">128 p. ;</subfield>
      <subfield code="c">22 cm.</subfield>
   </datafield>
   <datafield ind1=" " ind2="3" tag="440">
      <subfield code="a">al-Majmūʻah al-dāʾimah lil-qawānīn wa-al-anẓimah al-ʻIrāqīyah al-muwaḥḥadah</subfield>
   </datafield>
   <datafield ind1=" " ind2="0" tag="650">
      <subfield code="a">Persons (Law)</subfield>
      <subfield code="z">Iraq.</subfield>
   </datafield>
   <datafield ind1="1" ind2=" " tag="700">
      <subfield code="a">Sāmarrāʾī, Kamāl.</subfield>
   </datafield>
   <datafield ind1=" " ind2=" " tag="948">
      <subfield code="a">jab/con</subfield>
   </datafield>
   <datafield ind1=" " ind2=" " tag="911">
      <subfield code="a">20000311</subfield>
   </datafield>
   <datafield ind1=" " ind2=" " tag="912">
      <subfield code="a">20000313030756.0</subfield>
   </datafield>
   <datafield ind1="0" ind2="0" tag="852">
      <subfield code="0">3157372</subfield>
      <subfield code="b">rcppa</subfield>
      <subfield code="t">1</subfield>
      <subfield code="h">KMJ534</subfield>
      <subfield code="i">.I737 1969</subfield>
      <subfield code="x">tr fr f</subfield>
   </datafield>
   <datafield ind1=" " ind2=" " tag="959">
      <subfield code="a">2003-07-17 12:17:43 -0400</subfield>
   </datafield>
</record>
